@Misc{Ioffe2015,
  author    = {Ioffe, Sergey and Szegedy, Christian},
  title     = {Batch Normalization: Accelerating Deep Network Training by Reducing Internal Covariate Shift},
  year      = {2015},
  copyright = {arXiv.org perpetual, non-exclusive license},
  doi       = {10.48550/ARXIV.1502.03167},
  keywords  = {Machine Learning (cs.LG), FOS: Computer and information sciences, FOS: Computer and information sciences},
  publisher = {arXiv},
}

@Article{Zhang2018,
  author    = {Zhang, Liwen and Naitzat, Gregory and Lim, Lek-Heng},
  title     = {Tropical Geometry of Deep Neural Networks},
  year      = {2018},
  copyright = {arXiv.org perpetual, non-exclusive license},
  doi       = {10.48550/ARXIV.1805.07091},
  keywords  = {Machine Learning (cs.LG), Algebraic Geometry (math.AG), Machine Learning (stat.ML), FOS: Computer and information sciences, FOS: Computer and information sciences, FOS: Mathematics, FOS: Mathematics, 14T05, 62M45, 68T01},
  publisher = {arXiv},
}

@Article{Aji2000,
  author = {Aji, Srinivas},
  title  = {Graphical models and iterative decoding},
  year   = {2000},
  month  = {01},
}

@InCollection{Klaus2023,
  author    = {Julien Klaus and Mark Blacher and Joachim Giesen},
  booktitle = {Computational Science {\textendash} {ICCS} 2023},
  publisher = {Springer Nature Switzerland},
  title     = {Compiling Tensor Expressions into~Einsum},
  year      = {2023},
  pages     = {129--136},
  doi       = {10.1007/978-3-031-36021-3_10},
}

@Misc{Vaswani2017,
  author    = {Vaswani, Ashish and Shazeer, Noam and Parmar, Niki and Uszkoreit, Jakob and Jones, Llion and Gomez, Aidan N. and Kaiser, Lukasz and Polosukhin, Illia},
  title     = {Attention Is All You Need},
  year      = {2017},
  copyright = {arXiv.org perpetual, non-exclusive license},
  doi       = {10.48550/ARXIV.1706.03762},
  keywords  = {Computation and Language (cs.CL), Machine Learning (cs.LG), FOS: Computer and information sciences, FOS: Computer and information sciences},
  publisher = {arXiv},
}

@Comment{jabref-meta: databaseType:bibtex;}
